@report{VDI5207Blatt2020,
	title = {VDI 5207 Blatt 1: Energieflexible Fabrik - Grundlagen},
	author = {Verein Deutscher Ingenieure e.V.},
	year = {2020},
	institution = {Verein Deutscher Ingenieure e.V.},
	location = {Düsseldorf},
	url = {https://www.vdi.de/5207},
	urldate = {2024-06-16},
	abstract = {Die Richtlinie beschreibt die Grundlagen und Maßnahmen zur Energieflexibilität in Fabriken, einschließlich der wirtschaftlichen Nutzung und Optimierung der Energiekosten durch flexible Nutzung von Energie.}
}


@report{DIN8580,
	title = {Fertigungsverfahren – {{Begriffe}}, {{Einteilung}}},
	author = {DIN Deutsches Institut für Normung e. V.},
	date = {2022-12},
	institution = {Beuth Verlag GmbH},
	location = {Berlin},
	url = {https://aproxy.ulb.tu-darmstadt.de:2053/8C4/search/item-detail/DE30088566},
	urldate = {2024-07-08},
	abstract = {Das Dokument definiert und erläutert Grundbegriffe, die für die Beschreibung und Einteilung der Fertigungsverfahren benötigt werden. Es legt die Grundlagen zum Aufbau eines Ordnungssystems der Fertigungsverfahren fest und gibt eine Übersicht über deren Einteilung in Hauptgruppen, Gruppen und Untergruppen.},
}

@report{OPCUnifiedArchitecture2011,
	title = {OPC Unified Architecture – Teil 1: Übersicht Und Konzepte (IEC/TR 62541-1:2010); Deutsche Fassung CLC/TR 62541-1:2010},
	year = {2011},
	location = {Germany},
	abstract = {This document provides an overview and concepts of OPC Unified Architecture Part 1, harmonized as CLC/TR 62541-1:2010.},
	institution = {IEC},
	file = {C:\Users\Anwender\Zotero\storage\D5F7ILIN\DIN CLCTR 62541-1-2010.pdf}
}