@online{0307DLRAOneDrive,
  title = {03.07-{{DLRA}} – {{OneDrive}}},
  url = {https://ptwdarmstadt-my.sharepoint.com/personal/l_kramer_ptw_tu-darmstadt_de/_layouts/15/onedrive.aspx?id=%2Fpersonal%2Fl%5Fkramer%5Fptw%5Ftu%2Ddarmstadt%5Fde%2FDocuments%2FAustausch%5FJG%5FLKr%2F03%2E07%2DDLRA%2F20240404%5FBedienungsanleitung%5FDurchlaufreinigungsanlage%2Epdf&parent=%2Fpersonal%2Fl%5Fkramer%5Fptw%5Ftu%2Ddarmstadt%5Fde%2FDocuments%2FAustausch%5FJG%5FLKr%2F03%2E07%2DDLRA&parentview=0},
  urldate = {2024-07-03},
  file = {C:\Users\Anwender\Zotero\storage\W29Y5XNM\onedrive.html}
}

@online{0307DLRAOneDrivea,
  title = {03.07-{{DLRA}} – {{OneDrive}}},
  url = {https://ptwdarmstadt-my.sharepoint.com/personal/l_kramer_ptw_tu-darmstadt_de/_layouts/15/onedrive.aspx?view=0&id=%2Fpersonal%2Fl%5Fkramer%5Fptw%5Ftu%2Ddarmstadt%5Fde%2FDocuments%2FAustausch%5FJG%5FLKr%2F03%2E07%2DDLRA},
  urldate = {2024-07-03},
  file = {C:\Users\Anwender\Zotero\storage\ZWQS74RY\onedrive.html}
}

@online{0307DLRAOneDriveb,
  title = {03.07-{{DLRA}} – {{OneDrive}}},
  url = {https://ptwdarmstadt-my.sharepoint.com/personal/l_kramer_ptw_tu-darmstadt_de/_layouts/15/onedrive.aspx?id=%2Fpersonal%2Fl%5Fkramer%5Fptw%5Ftu%2Ddarmstadt%5Fde%2FDocuments%2FAustausch%5FJG%5FLKr%2F03%2E07%2DDLRA%2F20240404%5FBedienungsanleitung%5FDurchlaufreinigungsanlage%2Epdf&parent=%2Fpersonal%2Fl%5Fkramer%5Fptw%5Ftu%2Ddarmstadt%5Fde%2FDocuments%2FAustausch%5FJG%5FLKr%2F03%2E07%2DDLRA&parentview=0},
  urldate = {2024-07-03},
  file = {C:\Users\Anwender\Zotero\storage\KVACWI2D\onedrive.html}
}

@book{aicheleSmartMarketVom2014,
  title = {Smart Market: Vom Smart Grid zum intelligenten Energiemarkt},
  shorttitle = {Smart Market},
  editor = {Aichele, Christian and Doleski, Oliver D.},
  date = {2014},
  publisher = {Springer Fachmedien},
  location = {Wiesbaden},
  doi = {10.1007/978-3-658-02778-0},
  url = {https://link.springer.com/10.1007/978-3-658-02778-0},
  urldate = {2024-07-07},
  isbn = {978-3-658-02777-3 978-3-658-02778-0},
  langid = {ngerman},
  keywords = {BNetzA,Bundesnetzagentur,Energie,Energieversorger,Energieversorgungsunternehmen,Energiewende,Energiewirtschaft,Erneuerbare Energien,EVU,Geschäftsmodell,intelligenter Energiemarkt,intelligentes Netz,Markt,Netz,Prozess,Smart Grid},
  file = {C:\Users\Anwender\Zotero\storage\5DUUGNYE\Aichele und Doleski - 2014 - Smart Market Vom Smart Grid zum intelligenten Ene.pdf}
}

@article{aurichBauteilreinigungImSpritzverfahren2009,
  title = {Bauteilreinigung im Spritzverfahren: Einfluss von Reinigung- und Lagerungszeit sowie Magnetismus auf das Ergebnis bei der Spritzreinigung zerspanend hergestellter Bauteile},
  shorttitle = {Bauteilreinigung im Spritzverfahren},
  author = {Aurich, Jan C. and Fallenstein, Felix and Eyrisch, Tina and Hielscher, Torsten},
  date = {2009-09-28},
  journaltitle = {Zeitschrift für wirtschaftlichen Fabrikbetrieb},
  volume = {104},
  number = {9},
  pages = {775--779},
  publisher = {De Gruyter},
  issn = {2511-0896},
  doi = {10.3139/104.110152},
  url = {https://www.degruyter.com/document/doi/10.3139/104.110152/html},
  urldate = {2024-05-03},
  abstract = {Kurzfassung Mit Hilfe von Reinigungsversuchen zur Spritzreinigung wurde der Einfluss von Reinigungszeit, Lagerungszeit und Magnetismus auf das Reinigungsergebnis untersucht. Dieses wurde anhand der nach VDA 19 bzw. ISO 16232 ermittelten Restschmutzgehalte beurteilt. Die Versuchswerkstücke wurden verschieden stark magnetisiert, kontrolliert verschmutzt und vor der Reinigung unterschiedlich lange gelagert. Zwischen der Reinigungszeit und dem Reinigungsergebnis besteht ein eindeutiger Zusammenhang, sodass die Reinigungszeit in Abhängigkeit der geforderten Sauberkeitswerte gezielt eingestellt werden kann. Für eine Beurteilung des Einflusses der Lagerungszeit auf das Reinigungsergebnis sind intensive Extraktionsverfahren zur Bestimmung der Restschmutzgehalte notwendig. Durch eine Magnetisierung der Werkstücke verschlechtert sich, wie erwartet, das Reinigungsergebnis.},
  langid = {ngerman},
  keywords = {notion},
  file = {C:\Users\Anwender\Zotero\storage\9N3V7AFS\Aurich et al. - 2009 - Bauteilreinigung im Spritzverfahren Einfluss von .pdf}
}

@online{Austausch_JG_LKrOneDrive,
  title = {Austausch\_{{JG}}\_{{LKr}} – {{OneDrive}}},
  url = {https://ptwdarmstadt-my.sharepoint.com/personal/l_kramer_ptw_tu-darmstadt_de/_layouts/15/onedrive.aspx?ga=1&id=%2Fpersonal%2Fl%5Fkramer%5Fptw%5Ftu%2Ddarmstadt%5Fde%2FDocuments%2FAustausch%5FJG%5FLKr%2Fvdi5207%5FBlatt1%20%282%29%2Epdf&parent=%2Fpersonal%2Fl%5Fkramer%5Fptw%5Ftu%2Ddarmstadt%5Fde%2FDocuments%2FAustausch%5FJG%5FLKr&parentview=0},
  urldate = {2024-06-16},
  file = {C:\Users\Anwender\Zotero\storage\7A4DLN3I\onedrive.html}
}

@online{Austausch_JG_LKrOneDrivea,
  title = {Austausch\_{{JG}}\_{{LKr}} – {{OneDrive}}},
  url = {https://ptwdarmstadt-my.sharepoint.com/personal/l_kramer_ptw_tu-darmstadt_de/_layouts/15/onedrive.aspx?id=%2Fpersonal%2Fl%5Fkramer%5Fptw%5Ftu%2Ddarmstadt%5Fde%2FDocuments%2FAustausch%5FJG%5FLKr&ga=1},
  urldate = {2024-06-16},
  file = {C:\Users\Anwender\Zotero\storage\Z3M9ZRHK\onedrive.html}
}

@incollection{bardtWettbewerblicherStrommarktFuer2014,
  title = {Ein wettbewerblicher Strommarkt für die Energiewende},
  booktitle = {Smart Market: Vom Smart Grid zum intelligenten Energiemarkt},
  author = {Bardt, Hubertus},
  editor = {Aichele, Christian and Doleski, Oliver D.},
  date = {2014},
  pages = {81--96},
  publisher = {Springer Fachmedien},
  location = {Wiesbaden},
  doi = {10.1007/978-3-658-02778-0_3},
  url = {https://doi.org/10.1007/978-3-658-02778-0_3},
  urldate = {2024-07-07},
  abstract = {Die Energiewende stellt die Stromerzeugungsstrukturen vor neue Herausforderungen. Insbesondere muss die bisherige Förderung Erneuerbarer Energien grundlegend reformiert werden, um die emissionsfreien Technologien möglichst schnell in den Markt integrieren zu können. Ohne eine solche Reform droht der Wettbewerb auf dem Strommarkt zunehmend zurückgedrängt zu werden. Ohne Wettbewerb werden aber die Innovationen und Effizienzsteigerungen nicht möglich sein, die für eine erfolgreiche Energiewende notwendig sind.},
  isbn = {978-3-658-02778-0},
  langid = {ngerman},
  file = {C:\Users\Anwender\Zotero\storage\Z3PS2WSY\Bardt - 2014 - Ein wettbewerblicher Strommarkt für die Energiewen.pdf}
}

@article{bayerCurrentPracticeThinking2015,
  title = {Current {{Practice}} and {{Thinking}} with {{Integrating Demand Response}} for {{Power System Flexibility}} in the {{Electricity Markets}} in the {{USA}} and {{Germany}}},
  author = {Bayer, Benjamin},
  date = {2015-06-01},
  journaltitle = {Curr Sustainable Renewable Energy Rep},
  volume = {2},
  number = {2},
  pages = {55--62},
  issn = {2196-3010},
  doi = {10.1007/s40518-015-0028-7},
  url = {https://doi.org/10.1007/s40518-015-0028-7},
  urldate = {2024-06-27},
  abstract = {Regulators worldwide are aiming to increase system flexibility by leveraging the untapped potential of demand response. In this article we review and compare the literature on current practice and thinking about the role of demand response in three distinctly different markets that represent leading global examples of demand response: two regional electricity markets in the United States (PJM and ERCOT) and the national market in Germany. Furthermore, we describe the share of demand response in each market segment and the corresponding market design. We found, firstly, that interruptible loads and emergency generators (demand response) are used as a contingency reserve only, for no more than 30~h per year. Secondly, the share of demand response is about 4~\% of the unforced capacity requirement (including emergency generators). Thirdly, the discussion of demand response also shows that there is a lot of uncertainty on how an appropriate level playing field between flexible resources should look in detail. Nevertheless, regulators are aiming to further enhance the reliability and competiveness of demand response programmes.},
  langid = {english},
  keywords = {Ancillary services markets,Capacity markets,Demand response,ERCOT,Germany,notion,PJM},
  file = {C:\Users\Anwender\Zotero\storage\P8GL5QHH\Bayer - 2015 - Current Practice and Thinking with Integrating Dem.pdf}
}

@online{BundesnetzagenturMonitoringberichte,
  title = {Bundesnetzagentur - {{Monitoringberichte}}},
  url = {https://www.bundesnetzagentur.de/DE/Fachthemen/ElektrizitaetundGas/Monitoringberichte/start.html},
  urldate = {2024-07-08},
  file = {C:\Users\Anwender\Zotero\storage\M6368EL4\start.html}
}

@online{ChatGPT,
  title = {ChatGPT},
  url = {https://chatgpt.com},
  urldate = {2024-07-12},
  abstract = {A conversational AI system that listens, learns, and challenges},
  langid = {ngerman},
  file = {C:\Users\Anwender\Zotero\storage\AV87V562\ac015c96-085f-4b5e-b47e-d5e7a3d89065.html}
}

@inproceedings{claassenApplicationOPCUA2011,
  title = {Application of the {{OPC UA}} for the {{Smart Grid}}},
  booktitle = {2011 2nd {{IEEE PES International Conference}} and {{Exhibition}} on {{Innovative Smart Grid Technologies}}},
  author = {Claassen, Arno and Rohjans, Sebastian and Lehnhoff Member, Sebastian},
  date = {2011-12},
  pages = {1--8},
  issn = {2165-4824},
  doi = {10.1109/ISGTEurope.2011.6162627},
  url = {https://ieeexplore.ieee.org/abstract/document/6162627?casa_token=-EhDpXsMW0MAAAAA:grsfzynqdqUKcey7U7YrRTmKdYWCfUVk4uU6ntbqZvFErIquoQ3bugGKzuLAwtn-2Db6mEgx},
  urldate = {2024-07-11},
  abstract = {This contribution focuses on interoperability in the overall context of Smart Grids. Whereas Smart Grids are understood as the future energy supply system supported by ICT. For the upcoming need for massive data exchange in Smart Grids both syntactic and semantic issues have to be addressed. In terms of data exchange and ICT semantics are covered by electronic data models representing the real world. Communication architectures including communication standards are dealing with the syntactic aspects. One possible solution for those architectures is the paradigm of service-oriented architectures (SOA). The OPC Unified Architecture (UA) implements this paradigm. The UA is maintained by the OPC Foundation and partly standardized as IEC 62541. It describes a server-client-architecture based on abstract services and an abstract information model which can be used to model domain specific data for general data exchange purposes. In this contribution the application feasibility of the UA is shown based on use cases which were modeled by using the inubit process engine and chosen due to suitable Non-Functional Requirements (NFR).},
  eventtitle = {2011 2nd {{IEEE PES International Conference}} and {{Exhibition}} on {{Innovative Smart Grid Technologies}}},
  keywords = {Business,Data models,Integration,Interoperability,OPC Unified Architecture,Security,Servers,Service oriented architecture,Smart grids,Smart Grids,Use Cases},
  file = {C\:\\Users\\Anwender\\Zotero\\storage\\NFXD24VR\\Claassen et al. - 2011 - Application of the OPC UA for the Smart Grid.pdf;C\:\\Users\\Anwender\\Zotero\\storage\\YSKD7TJI\\6162627.html}
}

@article{dahiruComprehensiveReviewDemand2023,
  title = {A Comprehensive Review of Demand Side Management in Distributed Grids Based on Real Estate Perspectives},
  author = {Dahiru, Ahmed Tijjani and Daud, Dzurllkanian and Tan, Chee Wei and Jagun, Zainab Toyin and Samsudin, Salfarina and Dobi, Abdulhakeem Mohammed},
  date = {2023-07-01},
  journaltitle = {Environ Sci Pollut Res},
  volume = {30},
  number = {34},
  pages = {81984--82013},
  issn = {1614-7499},
  doi = {10.1007/s11356-023-25146-x},
  url = {https://doi.org/10.1007/s11356-023-25146-x},
  urldate = {2024-07-03},
  abstract = {A major challenge in renewable energy planning and integration with existing systems is the management of intermittence of the resources and customer demand uncertainties that are attributed to climates. In emerging distributed grids, state-of-the-art optimization techniques were used for cost and reliability objectives. In the existing literature, power dispatch and demand side management schemes were implemented for various techno-economic objectives. In renewable energy-based distributed grids, power dispatch is strategic to system operations. However, demand side management is preferred, as it allows more options for customer participation and active management of energy in buildings. Moreover, the demand side management can simply follow supplies. This paper investigates the implications of demand side management as it affects planning and operations in renewable energy-based distributed grids. Integration of demand side management in customer-oriented plans such as the time-of-use and real-time-pricing on residential and commercial demands is conceptualised to ensure effective customer participation which maintains the valued comforts. Moreover, the optimised tariff integrated demand side management implementations based on the utility-initiated demand response programmes are envisaged to offset conflicting objectives of the economy and customer comforts within residential and commercial demands and are also viewed as a step towards efficient management of energy in buildings.},
  langid = {english},
  keywords = {Building energy management system,Demand side management,Distributed grid,Energy management,notion,Real estate,Renewable energy},
  file = {C:\Users\Anwender\Zotero\storage\LAPIH3RA\Dahiru et al. - 2023 - A comprehensive review of demand side management i.pdf}
}

@article{davarzaniResidentialDemandResponse2021,
  title = {Residential {{Demand Response Strategies}} and {{Applications}} in {{Active Distribution Network Management}}},
  author = {Davarzani, Sima and Pisica, Ioana and Taylor, Gareth A. and Munisami, Kevin J.},
  date = {2021-03-01},
  journaltitle = {Renewable and Sustainable Energy Reviews},
  volume = {138},
  pages = {110567},
  issn = {1364-0321},
  doi = {10.1016/j.rser.2020.110567},
  url = {https://www.sciencedirect.com/science/article/pii/S1364032120308510},
  urldate = {2024-07-01},
  abstract = {Electricity distribution is moving towards active, more flexible, smarter and decentralized energy systems. This transition requires System Operators (SO) to dynamically monitor and control the power flow across the network. Demand Response (DR) can be considered as an alternative solution to the costly investment of upgrading conventional Distribution Networks (DN). Hence, the role of DR as a considerable potential of elastic demands in the Active Distribution Network Management (ADNM) is vital. The aim of this paper is to review the recent literature and pilot implementations towards residential DR activation and applications at the electricity distribution level. Background concepts, DR programmes and key participants in ADNM are explained. DR activation strategies for residential demand responsiveness at the network level are categorized and discussed together with the challenges and future directions of this technology. The most relevant DR innovation trials in Great Britain (GB) and their outcomes are also discussed.},
  keywords = {Active distribution network management,Distribution network,Flexible demand,notion,Residential demand response},
  file = {C\:\\Users\\Anwender\\Zotero\\storage\\9YUX7VU6\\Davarzani et al. - 2021 - Residential Demand Response Strategies and Applica.pdf;C\:\\Users\\Anwender\\Zotero\\storage\\8BGWVRYC\\S1364032120308510.html}
}

@online{DesignImplementationSubstation,
  title = {Design and {{Implementation}} of the {{Substation Intelligent Auxiliary Control System Based}} on {{OPC UA}} | {{IEEE Conference Publication}} | {{IEEE Xplore}}},
  url = {https://ieeexplore.ieee.org/abstract/document/9949983?casa_token=wGOBZBF91qEAAAAA:5Un3p1Ns3UpRzhmSSFAuQIl3ldfVKcTq2Kvf1dsOKFSPry2exEnO86a-cwejAMrqg3H4u14h},
  urldate = {2024-07-11},
  file = {C\:\\Users\\Anwender\\Zotero\\storage\\T7HKSTHX\\Design and Implementation of the Substation Intell.pdf;C\:\\Users\\Anwender\\Zotero\\storage\\Q6AWP4GB\\9949983.html}
}

@inproceedings{deveciThoroughAnalysisComparison2022,
  title = {A {{Thorough Analysis}} and {{Comparison}} of {{Data Communication Protocols Used}} in {{Industry}} 4.0: {{The Case}} of {{Smart-CNC}}},
  shorttitle = {A {{Thorough Analysis}} and {{Comparison}} of {{Data Communication Protocols Used}} in {{Industry}} 4.0},
  booktitle = {2022 9th {{International Conference}} on {{Future Internet}} of {{Things}} and {{Cloud}} ({{FiCloud}})},
  author = {Deveci, Bilgin Umut and Bas, Hilal and Ummak, Emre and Albayrak, Ozlem and Unal, Perin},
  date = {2022},
  pages = {199--206},
  publisher = {IEEE},
  url = {https://ieeexplore.ieee.org/abstract/document/9910511/?casa_token=knCQS2lTFNsAAAAA:1XAlDcs66NHtUjIAk1GNEoHKYHVb-4beyJP8iGeu2w-vn0DO039DVehvaa2x4ruh4m-dQTIT},
  urldate = {2024-07-10}
}

@article{dharaniLoadShiftingPeak2021,
  title = {Load {{Shifting}} and {{Peak Clipping}} for {{Reducing Energy Consumption}} in an {{Indian University Campus}}},
  author = {Dharani, Rajavelu and Balasubramonian, Madasamy and Babu, Thanikanti Sudhakar and Nastasi, Benedetto},
  date = {2021},
  journaltitle = {Energies},
  volume = {14},
  number = {3},
  pages = {1--16},
  publisher = {MDPI},
  url = {https://ideas.repec.org//a/gam/jeners/v14y2021i3p558-d485089.html},
  urldate = {2024-07-03},
  abstract = {This paper analyzes the intelligent use of time-varying electrical load via developing efficient energy utilization patterns using demand-side management (DSM) strategies. This approach helps distribution utilities decrease maximum demand and electrical energy billing costs. A case study of DSM implementation of electric energy utility for an educational building Alagappa Chettiar Government College of Engineering and Technology (ACGCET) campus was simulated. The new optimum energy load model was established for peak and off-peak periods from the system’s existing load profile using peak clipping and load shifting DSM techniques. The result reflects a significant reduction in maximum demand from 189 kW to 170 kW and a reduction in annual electricity billing cost from \$11,340 to \$10,200 (approximately 10\%) in the upgraded system. This work highlights the importance of time of day (TOD) tariff structure consumers that aid reduction in their distribution system’s maximum demand and demand charges.},
  langid = {english},
  keywords = {building energy flexibility,energy saving,HOMER software,load shifting,notion,peak clipping},
  file = {C:\Users\Anwender\Zotero\storage\XJ74XNN6\v14y2021i3p558-d485089.html}
}

@report{DIN8580,
	title = {Fertigungsverfahren – {{Begriffe}}, {{Einteilung}}},
	author = {DIN Deutsches Institut für Normung e. V.},
	date = {2022-12},
	institution = {Beuth Verlag GmbH},
	location = {Berlin},
	url = {https://aproxy.ulb.tu-darmstadt.de:2053/8C4/search/item-detail/DE30088566},
	urldate = {2024-07-08},
	abstract = {Das Dokument definiert und erläutert Grundbegriffe, die für die Beschreibung und Einteilung der Fertigungsverfahren benötigt werden. Es legt die Grundlagen zum Aufbau eines Ordnungssystems der Fertigungsverfahren fest und gibt eine Übersicht über deren Einteilung in Hauptgruppen, Gruppen und Untergruppen.},
}

@book{dindeutschesinstitutfurnormunge.v.FertigungsverfahrenReinigenEinordnungBeuthVerlagGmbH,
  title = {Fertigungsverfahren {{Reinigen}} – {{Einordnung}}, {{Unterteilung}}, {{Begriffe}}},
  shorttitle = {{{DIN}} 8592},
  author = {DIN Deutsches Institut für Normung e. V.},
  year = {Beuth Verlag GmbH},
  publisher = {Beuth Verlag GmbH},
  location = {Berlin},
  url = {https://aproxy.ulb.tu-darmstadt.de:2053/8C4/search/item-detail/DE30007050},
  urldate = {2024-07-08},
  abstract = {Diese Norm behandelt das Fertigungsverfahren Reinigen, das der Gruppe 3.6 im Ordnungssystem nach DIN 8580 zugeordnet wird. Sie zeigt die Einordnung und Unterteilung in weitere Untergruppen und definiert die jeweiligen Verfahren. Die Norm beschreibt unter anderem das Entfernen unerwünschter Stoffe von Werkstückoberflächen und listet verschiedene Reinigungsmethoden wie mechanisches Reinigen, strömungstechnisches Reinigen, Lösemittelreinigen, chemisches Reinigen und thermisches Reinigen auf.},
  file = {C\:\\Users\\Anwender\\Zotero\\storage\\2UG7BVC6\\Nautos.pdf;C\:\\Users\\Anwender\\Zotero\\storage\\7XLXLC8Y\\DE30007050.html}
}

@book{dkedeutschekommissionelektrotechnikelektronikinformationstechnikindinundvdeOPCUnifiedArchitecture2021,
  title = {{{OPC Unified Architecture}} – {{Teil}} 14: {{Festlegungen}} Zur {{Umsetzung}} Des {{Publisher-Subscriber-Models}} ({{IEC}} 62541-14:2020); {{Englische Fassung EN IEC}} 62541-14:2020},
  author = {DKE Deutsche Kommission Elektrotechnik Elektronik Informationstechnik in DIN und VDE},
  date = {2021-08},
  location = {Germany},
  url = {www.dke.de},
  abstract = {This document specifies the OPC Unified Architecture Part 14 for the implementation of the Publisher-Subscriber model, harmonized as EN IEC 62541-14:2020.},
  file = {C:\Users\Anwender\Zotero\storage\DG2ZWF7A\DIN EN IEC 62541_14.pdf}
}

@book{dkedeutschekommissionelektrotechnikelektronikinformationstechnikindinundvdeOPCUnifiedArchitecture2021a,
  title = {{{OPC Unified Architecture}} – {{Teil}} 6: {{Mappings}} ({{IEC}} 62541-6:2020); {{Deutsche Fassung EN IEC}} 62541-6:2020},
  author = {DKE Deutsche Kommission Elektrotechnik Elektronik Informationstechnik in DIN und VDE},
  date = {2021-08},
  location = {Germany},
  url = {www.dke.de},
  abstract = {This document specifies the OPC Unified Architecture Part 6 for protocol mappings, harmonized as EN IEC 62541-6:2020.},
  file = {C:\Users\Anwender\Zotero\storage\WGT8KSS9\DIN EN IEC62541_6.pdf}
}

@article{drathDiskussionspapierInteroperabilitatMit2023,
  title = {Diskussionspapier–{{Interoperabilität}} Mit Der {{Verwaltungsschale}}, {{OPC UA}} Und {{AutomationML}}},
  author = {Drath, Rainer and Mosch, Christian and Hoppe, Stefan and Faath, Andreas and Barnstedt, Erich and Fiebiger, Bernd and Schlögl, Wolfgang},
  date = {2023},
  journaltitle = {Technical Report. AutomationML eV and Industrial Digital Twin Association (IDTA) and OPC Foundation and VDMA},
  url = {https://www.automationml.org/wp-content/uploads/2023/04/Diskussionspapier-Zielbild-und-Handlungsempfehlungen-fuer-industrielle-Interoperabilitaet-5.3.pdf},
  urldate = {2024-07-12},
  file = {C:\Users\Anwender\Zotero\storage\GUFEWHX7\Drath et al. - 2023 - Diskussionspapier–Interoperabilität mit der Verwal.pdf}
}

@article{ensteOPCUnifiedArchitecture2011,
  title = {OPC Unified Architecture},
  author = {Enste, Udo and Mahnke, Wolfgang},
  date = {2011-07-01},
  volume = {59},
  number = {7},
  pages = {397--404},
  publisher = {De Gruyter (O)},
  issn = {2196-677X},
  doi = {10.1524/auto.2011.0934},
  url = {https://www.degruyter.com/document/doi/10.1524/auto.2011.0934/html},
  urldate = {2024-06-05},
  abstract = {OPC Unified Architecture offers extended functionalities to realize interoperability between different systems. Based on object-oriented concepts, modern means for information modelling are available to represent the data base of a system, which should be shareable via an OPC UA interface. In addition to the information modelling aspects, OPC UA specifies a communication infrastructure by defining generic services and a system architecture.},
  langid = {ngerman},
  keywords = {IEC 62541,notion,OPC UA,OPC Unified Architecture},
  file = {C:\Users\Anwender\Zotero\storage\PSN9IRV7\Enste und Mahnke - 2011 - OPC Unified Architecture.pdf}
}

@online{Ergebnisse,
  title = {Ergebnisse},
  url = {https://synergie-projekt.de/aus-synergie/ergebnisse},
  urldate = {2024-05-06},
  abstract = {In der Projektarbeit im Rahmen von SynErgie wurden bereits herausragende innovative Lösungen entwickelt, um die Energieflexibilität der Industrie nachhaltig voranzutreiben.},
  langid = {ngerman},
  organization = {SynErgie},
  keywords = {notion},
  file = {C:\Users\Anwender\Zotero\storage\XMXSLYNV\ergebnisse.html}
}

@online{FraunhoferISE2019,
  title = {Fraunhofer {{ISE}} (2019). {{Kosten-}} Und {{Wirtschaftlichkeitsbetrachtungen}} von Erneuerbaren {{Energien}}. {{Online}} Verfügbar Unter {{Fraunhofer ISE}}. - {{Google Suche}}},
  url = {https://www.google.com/search?q=Fraunhofer+ISE+(2019).+Kosten-+und+Wirtschaftlichkeitsbetrachtungen+von+erneuerbaren+Energien.+Online+verf%C3%BCgbar+unter+Fraunhofer+ISE.&rlz=1C1UEAD_deDE1107DE1107&oq=Fraunhofer+ISE+(2019).+Kosten-+und+Wirtschaftlichkeitsbetrachtungen+von+erneuerbaren+Energien.+Online+verf%C3%BCgbar+unter+Fraunhofer+ISE.&gs_lcrp=EgZjaHJvbWUqBggAEEUYOzIGCAAQRRg7MgYIARBFGDzSAQgxMTE0ajBqN6gCALACAA&sourceid=chrome&ie=UTF-8},
  urldate = {2024-05-30},
  keywords = {notion},
  file = {C:\Users\Anwender\Zotero\storage\SN3E9JM7\search.html}
}

@article{fuhrlander-volkerAutomationArchitectureDemand,
  title = {Automation {{Architecture}} for {{Demand Response}} on {{Aqueous Parts Cleaning Machines}}},
  author = {Fuhrländer-Völker, Daniel},
  langid = {english},
  keywords = {notion},
  file = {C:\Users\Anwender\Zotero\storage\PTIN3PGW\Fuhrländer-Völker - Automation Architecture for Demand Response on Aqu.pdf}
}

@article{fuhrlander-volkerModellingControlAqueous2023,
  title = {Modelling and {{Control}} of {{Aqueous Parts Cleaning Machines}} for {{Demand Response}}},
  author = {Fuhrländer-Völker, Daniel and Grosch, Benedikt and Weigold, Matthias},
  namea = {{Technische Informationsbibliothek (TIB)} and {Technische Informationsbibliothek (TIB)} and Herberger, David and Hübner, Marco and Stich, Volker},
  nameatype = {collaborator},
  date = {2023},
  publisher = {[object Object]},
  doi = {10.15488/13498},
  url = {https://www.repo.uni-hannover.de/handle/123456789/13608},
  urldate = {2024-04-30},
  abstract = {With the aim of enabling better utilization of renewable power and reducing the environmental impact of industrial sites, we propose an approach for implementing electric demand response. Cleaning machines provide significant potential for demand response due to their large water tanks, which can be used for thermal energy storage. Furthermore, many batch cleaning machines allow process interruptions without impacting the cleaning result. We show that utilizing inherent energy storage and process interruptions are practical ways to implement demand response. Hence, we present a mathematical demand response model of an aqueous parts cleaning machine and integrate it in a cyber-physical production system. The mathematical demand response model is used to determine the energy consumption of the machine resulting from the cleaning process and the tank heater. The model is divided into an event-based part describing the individual steps of the cleaning process and a time-based part representing the energy required by the tank heater to satisfy specified tank temperature limits. In addition to the mathematical model, we present the data model required for communication with the physical machine. We validate the mathematical model and the complete cyber-physical production system including a real machine in a field test in the ETA research factory for their demand response capabilities.},
  langid = {english},
  keywords = {Carbon Neutral Production,Cyber-physical Production System,Data Model,Dewey Decimal Classification::600 | Technik::620 | Ingenieurwissenschaften und Maschinenbau,Energy-flexibility,gelesen,Inherent Energy Storage,Konferenzschrift,Model Predictive Control,Noch nicht gelesen,notion,reviewed,Single Machine Scheduling},
  file = {C:\Users\Anwender\Zotero\storage\3BARXHCT\Fuhrländer-Völker et al. - 2023 - Modelling and Control of Aqueous Parts Cleaning Ma.pdf}
}

@book{gellingsSmartGridEnabling2020,
  title = {The {{Smart Grid}}: {{Enabling Energy Efficiency}} and {{Demand Response}}},
  shorttitle = {The {{Smart Grid}}},
  author = {Gellings, Clark W.},
  date = {2020},
  url = {https://www.academia.edu/35403948/The_Smart_Grid_Enabling_Energy_Efficiency_and_Demand_Response},
  urldate = {2024-07-02},
  abstract = {The Smart Grid: Enabling Energy Efficiency and Demand Response},
  isbn = {978-1-00-315152-4},
  langid = {english},
  keywords = {notion},
  file = {C\:\\Users\\Anwender\\Zotero\\storage\\GCY5KE7E\\Gellings - 2020 - The Smart Grid Enabling Energy Efficiency and Dem.pdf;C\:\\Users\\Anwender\\Zotero\\storage\\LBQJRS36\\The_Smart_Grid_Enabling_Energy_Efficiency_and_Demand_Response.html}
}

@article{gilConvergingIoTProtocols2022,
  title = {Converging {{IoT}} Protocols for the Data Integration of Automation Systems in the Electrical Industry},
  author = {Gil, Santiago and Zapata-Madrigal, Germán D. and García-Sierra, Rodolfo and Cruz Salazar, Luis Alberto},
  date = {2022-02-10},
  journaltitle = {Journal of Electrical Systems and Inf Technol},
  volume = {9},
  number = {1},
  pages = {1},
  issn = {2314-7172},
  doi = {10.1186/s43067-022-00043-4},
  url = {https://doi.org/10.1186/s43067-022-00043-4},
  urldate = {2024-07-11},
  abstract = {The Internet of Things (IoT) plays an important role in the development of applications for the Electrical Industry. The data has become essential for the technological advances in this industry, changing abruptly due to the distributed energy resources and the smart grid concept. The data integration also represents a relevant matter to address when performing IoT projects for electrical industry applications. The electrical industry requires incorporating different IoT protocols to comply with the distinct scenarios and the interoperability. This work proposes integrating the HTTP REST, MQTT, LoRaWAN, and OPC UA open communications protocols into an IoT platform and interoperable architecture for smart grid applications. This approach intends to contribute to smart grid solutions and automation systems in the electrical industry, promotes further integration of communication protocols for this field, and enables additional data-based applications for their automation systems. A Multi-Agent System architecture based on the IoT integration is proposed as an application to show how implementable is this approach in current and technological electrical systems.},
  langid = {english},
  keywords = {Communication protocols,Data integration,Interoperability,IoT,Multi-agent systems,Smart grid},
  file = {C:\Users\Anwender\Zotero\storage\QPMP2K9U\Gil et al. - 2022 - Converging IoT protocols for the data integration .pdf}
}

@article{grasslEvaluatingMeasuresAdapting2014,
  title = {Evaluating {{Measures}} for {{Adapting}} the {{Energy Demand}} of a {{Production System}} to {{Volatile Energy Prices}}},
  author = {Graßl, Markus and Reinhart, Gunther},
  date = {2014-01-01},
  journaltitle = {Procedia CIRP},
  series = {21st {{CIRP Conference}} on {{Life Cycle Engineering}}},
  volume = {15},
  pages = {129--134},
  issn = {2212-8271},
  doi = {10.1016/j.procir.2014.06.081},
  url = {https://www.sciencedirect.com/science/article/pii/S2212827114005046},
  urldate = {2024-06-20},
  abstract = {Due to the increasing use of renewable energies and the volatile behaviour of wind and sun power new turbulences in energy markets – especially increasing and strongly fluctuating energy prices – are expected. Hence, companies’ production systems have to be energy flexible in order to cope with these changes in energy markets. This paper presents an approach for evaluating measures for conducting energy flexibility, e.g. changing process parameters or rescheduling of processes depending on the availability of energy in the grid.},
  keywords = {demand response,energy efficiency,Energy flexibility,flexibility evaluation,notion,renewable energies},
  file = {C\:\\Users\\Anwender\\Zotero\\storage\\SVVXMQFZ\\Graßl und Reinhart - 2014 - Evaluating Measures for Adapting the Energy Demand.pdf;C\:\\Users\\Anwender\\Zotero\\storage\\SHILV277\\S2212827114005046.html}
}

@book{gujaratiBasicEconometrics2009,
  title = {Basic Econometrics},
  author = {Gujarati, Damodar N. and Porter, Dawn C.},
  date = {2009},
  publisher = {McGraw-hill},
  url = {https://thuvienso.hoasen.edu.vn/handle/123456789/8914},
  urldate = {2024-05-30},
  keywords = {notion},
  file = {C:\Users\Anwender\Zotero\storage\KL733DQQ\Gujarati und Porter - 2009 - Basic econometrics.pdf}
}

@article{hammonsIntegratingRenewableEnergy2008,
  title = {Integrating Renewable Energy Sources into {{European}} Grids},
  author = {Hammons, T. J.},
  date = {2008-10-01},
  journaltitle = {International Journal of Electrical Power \& Energy Systems},
  volume = {30},
  number = {8},
  pages = {462--475},
  issn = {0142-0615},
  doi = {10.1016/j.ijepes.2008.04.010},
  url = {https://www.sciencedirect.com/science/article/pii/S0142061508000306},
  urldate = {2024-07-06},
  abstract = {This paper examines the integration of new sources of renewable energy into the power systems in Europe—challenges and possible solutions, application of wind power prediction tools for power system operation, new tasks that create new solutions for communication in distribution systems, wind power in Greece, integration of dispersed generation in Denmark, wind power in The Netherlands, EdF and distributed energy resources in France, and new renewable sources in Italy. The paper also examines the European Commission Technology Platform’s vision paper on Electricity Networks of the Future that was published in January 2006. In this respect, drivers towards Smart Grids, Grids today, and key challenges for Smart Grids of the Future are critically assessed.},
  keywords = {CHP,Dispersed generation,Distributed generation,Energy management,Renewable energy,Wind power},
  file = {C:\Users\Anwender\Zotero\storage\N45MG6S4\S0142061508000306.html}
}

@article{haucapCompetitionGermanyMinute2014,
  title = {Competition in {{Germany}}’s {{Minute Reserve Power Market}}: {{An Econometric Analysis}}},
  shorttitle = {Competition in {{Germany}}’s {{Minute Reserve Power Market}}},
  author = {Haucap, Justus and Heimeshoff, Ulrich and Jovanovic, Dragan},
  date = {2014-04},
  journaltitle = {The Energy Journal},
  volume = {35},
  number = {2},
  pages = {137--156},
  issn = {0195-6574, 1944-9089},
  doi = {10.5547/01956574.35.2.7},
  url = {https://journals.sagepub.com/doi/10.5547/01956574.35.2.7},
  urldate = {2024-06-27},
  abstract = {The German reserve power market has been subject to important regulatory changes in recent years. A new market design has been introduced by synchronizing and interconnecting the four regional German control areas. We analyze whether the reforms have led to lower prices for minute reserve power (MRP). In contrast to existing papers, we use a unique panel dataset to account for unobserved heterogeneity between the four German regional markets. Moreover, we control for endogeneity by using weather data as instruments for electricity spot market prices. We find that the reforms were jointly successful in decreasing MRP prices leading to substantial cost savings for the transmission system operators.},
  langid = {english},
  keywords = {notion},
  file = {C:\Users\Anwender\Zotero\storage\JWM24QV4\Haucap et al. - 2014 - Competition in Germany’s Minute Reserve Power Mark.pdf}
}

@article{hunterTechnoeconomicAnalysisLongduration2021,
  title = {Techno-Economic Analysis of Long-Duration Energy Storage and Flexible Power Generation Technologies to Support High-Variable Renewable Energy Grids},
  author = {Hunter, Chad A. and Penev, Michael M. and Reznicek, Evan P. and Eichman, Joshua and Rustagi, Neha and Baldwin, Samuel F.},
  date = {2021},
  journaltitle = {Joule},
  volume = {5},
  number = {8},
  pages = {2077--2101},
  publisher = {Elsevier},
  url = {https://www.cell.com/joule/pdf/S2542-4351(21)00306-8.pdf},
  urldate = {2024-05-28},
  keywords = {notion},
  file = {C:\Users\Anwender\Zotero\storage\T6UY6NUU\Hunter et al. - 2021 - Techno-economic analysis of long-duration energy s.pdf}
}

@online{IntegrationUnternehmensplattformETAFabrik,
  title = {Integration der Unternehmensplattform in der ETA-Fabrik},
  url = {https://synergie-projekt.de/ergebnis/integration-der-unternehmensplattform-in-der-eta-fabrik},
  urldate = {2024-05-06},
  abstract = {3Informations- und Kommunikationstechnik Integration der Unternehmensplattform in der ETA-Fabrik Die ETA-Fabrik ist eine Lern- und Forschungsfabrik am PTW der TU Darmstadt. Energieflexible Anlagen der Produktionsinfrastruktur…},
  langid = {ngerman},
  organization = {SynErgie},
  keywords = {notion},
  file = {C:\Users\Anwender\Zotero\storage\DUWTMCUE\integration-der-unternehmensplattform-in-der-eta-fabrik.html}
}

@article{jamasbInternationalBenchmarkingRegulation2003,
  title = {International Benchmarking and Regulation: An Application to {{European}} Electricity Distribution Utilities},
  shorttitle = {International Benchmarking and Regulation},
  author = {Jamasb, Tooraj and Pollitt, Michael},
  date = {2003},
  journaltitle = {Energy policy},
  volume = {31},
  number = {15},
  pages = {1609--1622},
  publisher = {Elsevier},
  url = {https://www.sciencedirect.com/science/article/pii/S0301421502002264?casa_token=6cOLTSS7dq4AAAAA:ullvHZs3Y5RADb7blhRXjdSeVrwD6F23GHi01VhyflhY-lvFRAlFCw9-wLeF8wf4GqHbydIM},
  urldate = {2024-05-30},
  keywords = {notion},
  file = {C:\Users\Anwender\Zotero\storage\L6RPAVL4\S0301421502002264.html}
}

@thesis{jungeBeitragZurEnergieeffizienzbewertung2019,
  type = {phdthesis},
  title = {Ein Beitrag zur Energieeffizienzbewertung von wässrigen Bauteilreinigungsanlagen},
  author = {Junge, Felix},
  date = {2019-01-08},
  institution = {Technische Universität Darmstadt},
  location = {Darmstadt},
  url = {https://tuprints.ulb.tu-darmstadt.de/8776/},
  urldate = {2024-07-08},
  abstract = {In der vorliegenden Arbeit wird eine umfassende Bewertung der Energieeffizienz von wässrigen Bauteilreinigungsanlagen in der metallverarbeitenden Industrie erarbeitet. Dabei werden nach dem Prinzip der Minimum-Value-Calculation geeignete Nutzen- und Aufwandsdefinitionen entwickelt nach denen eine aussagekräftige Energieeffizienzbewertung durchgeführt werden kann. Als sechsstufiges Schalenmodell werden die Bindungsenergien der Phasen Verunreinigung-Bauteil (1-physikalisches Energieminimum), Energieaufwand der Technologie (2-) und des Prozesses (3-technologisches Minimum), die Verluste des Equipments (4-), Umwelteinflüsse (5-reales Minimum) und der tatsächliche gemessene Energiebedarf (6-gemessenes Minimum)  definiert und ermittelt. Als Quotienten zum gemessenen Energiebedarf liefern die Minima jeweils eine Energieeffizienzaussage, die sowohl deskriptive als auch normative Bewertungen von industriellen, wässrigen Bauteilreinigungsanlagen unterschiedlicher Anwendergruppen (Hersteller und Nutzer) ermöglichen. Validiert werden die unterschiedlichen Analysen anhand einer Fertigung eines Drehteils und der zwei-stufigen wässrigen Reinigung.  Die Berechnung der Energieeffizienz zeigt, dass die tatsächlichen Bindungsenergien der Verunreinigungen nur einem sehr kleinen Teil vom dem entsprechen, der für den Betrieb einer Reinigungsmaschine in der Produktion entspricht. Die Werte liegen in der Größenordnung von O(〖10〗\textasciicircum (-8)). Die Parametrierung der Energieeffizienzwerte zeigt, dass sich bei der wässrigen Spritzreinigung hohe Effizienzen durch große Verunreinigungen ergeben. Somit sollte die Anlagenkonfiguration vor allem auf die Art der Bauteile ausgelegt werden. Die thermodynamische Bilanzierung konnte beweisen, dass bei kompakten Einkammeranlagen bereits ein Großteil des gemessenen Gesamtenergiebedarfs auch in die Behandlungskammer fließt. Grundsätzlich sollte die erarbeitete Methode auch auf andere Reinigungsverfahren erweitert werden. Dadurch können vor allem die energetisch-technologischen Energieeffizienzen als Auslegungs- und Optimierungskennzahl verwendet werden. Die Nutzung und Weiterentwicklung der Bewertungssystematik von Energieeffizienz in Wissenschaft und Praxis ist wünschenswert.},
  langid = {ngerman},
  file = {C\:\\Users\\Anwender\\Zotero\\storage\\P9LUIG95\\Junge - 2019 - Ein Beitrag zur Energieeffizienzbewertung von wäss.pdf;C\:\\Users\\Anwender\\Zotero\\storage\\WBSQLI8S\\8776.html}
}

@article{kaplanConceptualFoundationsBalanced2009,
  title = {Conceptual Foundations of the Balanced Scorecard},
  author = {Kaplan, Robert S.},
  date = {2009},
  journaltitle = {Handbooks of management accounting research},
  volume = {3},
  pages = {1253--1269},
  publisher = {Elsevier},
  url = {https://www.sciencedirect.com/science/article/pii/S1751324307030039},
  urldate = {2024-05-30},
  keywords = {notion},
  file = {C:\Users\Anwender\Zotero\storage\5RNGK4KW\Kaplan - 2009 - Conceptual foundations of the balanced scorecard.pdf}
}

@report{kobosTechnoEconomicAnalysisBest2020,
  title = {Techno-{{Economic Analysis}}: {{Best Practices}} and {{Assessment Tools}}},
  shorttitle = {Techno-{{Economic Analysis}}},
  author = {Kobos, Peter H. and Drennen, Thomas E. and Outkin, Alexander V. and Webb, Erik K. and Paap, Scott M. and Wiryadinata, Steven},
  date = {2020-12-01},
  number = {SAND-2020-13473},
  institution = {{Sandia National Lab. (SNL-CA), Livermore, CA (United States); Sandia National Lab. (SNL-NM), Albuquerque, NM (United States); Hobart and William Smith Colleges, Geneva, NY (United States)}},
  doi = {10.2172/1738878},
  url = {https://www.osti.gov/biblio/1738878},
  urldate = {2024-06-07},
  abstract = {A team at Sandia National Laboratories (SNL) recognized the growing need to maintain and organize the internal community of Techno - Economic Assessment analysts at the lab . To meet this need, an internal core team identified a working group of experienced, new, and future analysts to: 1) document TEA best practices; 2) identify existing resources at Sandia and elsewhere; and 3) identify gaps in our existing capabilities . Sandia has a long history of using techno - economic analyses to evaluate various technologies , including consideration of system resilience . Expanding our TEA capabilities will provide a rigorous basis for evaluating science, engineering and technology - oriented projects, allowing Sandia programs to quantify the impact of targeted research and development (R\&D), and improving Sandia's competitiveness for external funding options . Developing this working group reaffirms the successful use of TEA and related techniques when evaluating the impact of R\&D investments, proposed work, and internal approaches to leverage deep technical and robust, business - oriented insights . The main findings of this effort demonstrated the high - impact TEA has on future cost, adoption for applications and impact metric forecasting insights via key past exemplar applied techniques in a broad technology application space . Recommendations from this effort include maintaining and growing the best practices approaches when applying TEA, appreciating the tools (and their limits) from other national laboratories and the academic community, and finally a recognition that more proposals and R\&D investment decision s locally at Sandia , and more broadly in the research community from funding agencies , require TEA approaches to justify and support well thought - out project planning.},
  langid = {english},
  file = {C:\Users\Anwender\Zotero\storage\99KS8QHD\Kobos et al. - 2020 - Techno-Economic Analysis Best Practices and Asses.pdf}
}

@online{KopernikusProjekteSynErgie,
  title = {Kopernikus-{{Projekte}}: {{SynErgie}}},
  url = {https://www.kopernikus-projekte.de/synergie},
  urldate = {2024-05-06},
  keywords = {notion},
  file = {C:\Users\Anwender\Zotero\storage\PTZTYRFU\synergie.html}
}

@article{kostStromgestehungskostenErneuerbareEnergien,
  title = {Stromgestehungskosten Erneuerbare Energien},
  author = {Kost, Christoph and Shammugam, Shivenes and Fluri, Verena and Peper, Dominik and Memar, Aschkan Davoodi and Schlegl, Thomas},
  langid = {ngerman},
  file = {C:\Users\Anwender\Zotero\storage\PHLIVZA9\Kost et al. - Stromgestehungskosten Erneuerbare Energien.pdf}
}

@inproceedings{lampropoulosCriteriaDemandResponse2013,
  title = {Criteria for Demand Response Systems},
  booktitle = {2013 {{IEEE Power}} \& {{Energy Society General Meeting}}},
  author = {Lampropoulos, Ioannis and Kling, Wil L. and family=Bosch, given=Paul P. J., prefix=van den, useprefix=true and Ribeiro, Paulo F. and family=Berg, given=Jan, prefix=van den, useprefix=true},
  date = {2013-07},
  pages = {1--5},
  issn = {1932-5517},
  doi = {10.1109/PESMG.2013.6672716},
  url = {https://ieeexplore.ieee.org/abstract/document/6672716},
  urldate = {2024-07-01},
  abstract = {The topic of demand side management is currently becoming more important than ever, in parallel with the further deregulation of the electricity sector, and the increasing integration of renewable energy sources. A historical review of automation integration in power system control assists in identifying established operational rules of contemporary systems, which subsequently evoke fundamental requirements for demand response applications. The scope of this paper is to provide a set of infrastructural, architectural and operational criteria for demand response systems, to support the process of establishing standards and procedures. An effort is made to address the views of system and market operators, deregulated utilities, ancillary service providers and customers.},
  eventtitle = {2013 {{IEEE Power}} \& {{Energy Society General Meeting}}},
  keywords = {Control systems,Frequency control,Load management,notion,power demand,power system control,Power system control,Real-time systems,Smart grids,supply and demand},
  file = {C\:\\Users\\Anwender\\Zotero\\storage\\NGMSG98K\\Lampropoulos et al. - 2013 - Criteria for demand response systems.pdf;C\:\\Users\\Anwender\\Zotero\\storage\\AQAIEVF8\\6672716.html}
}

@online{MachineryBasicBuilding,
  title = {Machinery {{Basic Building Blocks}}},
  url = {https://opcfoundation.org/developer-tools/documents/view/213},
  urldate = {2024-06-26},
  langid = {american},
  organization = {OPC Foundation},
  keywords = {notion},
  file = {C\:\\Users\\Anwender\\Zotero\\storage\\8QARZEFK\\Machinery Basic Building Blocks.pdf;C\:\\Users\\Anwender\\Zotero\\storage\\MRQUAKJ4\\213.html}
}

@online{MachineToolsMonitoring,
  title = {Machine {{Tools}} - {{Monitoring}} and {{Job Overview}}},
  url = {https://opcfoundation.org/developer-tools/documents/view/215},
  urldate = {2024-07-11},
  langid = {american},
  organization = {OPC Foundation},
  file = {C\:\\Users\\Anwender\\Zotero\\storage\\CPD4JZUX\\Machine Tools - Monitoring and Job Overview.pdf;C\:\\Users\\Anwender\\Zotero\\storage\\KGPWLL8Q\\215.html}
}

@inproceedings{martinsApproachIntegratingManufacturing2021,
  title = {An Approach to Integrating Manufacturing Data from Legacy {{Injection Moulding Machines}} Using {{OPC UA}}},
  booktitle = {37th {{International Manufacturing Conference}} ({{IMC37}})},
  author = {Martins, André and Miguel Lopes e Silva, Bruno and Costelha, Hugo and Neves, Carlos and Lyons, John and Cosgrove, John},
  date = {2021},
  url = {https://iconline.ipleiria.pt/handle/10400.8/6444},
  urldate = {2024-06-26},
  keywords = {notion},
  file = {C:\Users\Anwender\Zotero\storage\9JADDXX5\Martins et al. - 2021 - An approach to integrating manufacturing data from.pdf}
}

@article{martinsCNCMachinesIntegration2023,
  title = {{{CNC Machines Integration}} in {{Smart Factories}} Using {{OPC UA}}},
  author = {Martins, André and Lucas, João and Costelha, Hugo and Neves, Carlos},
  date = {2023-08-01},
  journaltitle = {Journal of Industrial Information Integration},
  volume = {34},
  pages = {100482},
  issn = {2452-414X},
  doi = {10.1016/j.jii.2023.100482},
  url = {https://www.sciencedirect.com/science/article/pii/S2452414X23000559},
  urldate = {2024-06-26},
  abstract = {This paper examines the idea of Industry 4.0 from the perspective of the molds industry, a vital industry in today’s industrial panorama. Several technologies, particularly in the area of machining equipment, have been introduced as a result of the industry’s constant modernization. This technological diversity makes automatic interconnection with production management software extremely difficult, as each brand and model requires different, mostly proprietary, interfaces and communication protocols. In the methodology presented in this paper, a development of monitoring solutions for machining devices is defined supporting the leading equipment and operations used by molds industry companies. OPC UA is employed for high-level communication between the various systems for a standardized approach. The approach combines various machine interfaces on a single system to cover a significant subset of machining equipment currently used by the molds industry, as a key result of this paper and given the variety of monitoring systems and communication protocols. This type of all-in-one approach will provide production managers with the information they need to monitor and improve the complete manufacturing process.},
  keywords = {Computer numeric control,Equipment integration,Industry 4.0,Machine monitoring,notion,OPC UA,Smart factory},
  file = {C:\Users\Anwender\Zotero\storage\QC3IB9LA\Martins et al. - 2023 - CNC Machines Integration in Smart Factories using .pdf}
}

@article{martinsDevelopingOPCUA2021,
  title = {Developing an {{OPC UA Server}} for {{CNC Machines}}},
  author = {Martins, André and Lucas, João and Costelha, Hugo and Neves, Carlos},
  date = {2021-01-01},
  journaltitle = {Procedia Computer Science},
  series = {Proceedings of the 2nd {{International Conference}} on {{Industry}} 4.0 and {{Smart Manufacturing}} ({{ISM}} 2020)},
  volume = {180},
  pages = {561--570},
  issn = {1877-0509},
  doi = {10.1016/j.procs.2021.01.276},
  url = {https://www.sciencedirect.com/science/article/pii/S1877050921003252},
  urldate = {2024-06-26},
  abstract = {This paper addresses the concept of Industry 4.0 from the perspective of the molds industry, a key industry in today’s industrial panorama. With its constant modernization, several technologies have been introduced, in particular regarding machining equipment. With each brand and model requiring different (proprietary) interfaces and communication protocols, this technological diversity renders the automatic interconnection with production management software extremely challenging. In this paper a methodology to build monitoring solutions for machining devices is defined, based on the main equipment and operations used by molds industry companies. For a standardized approach, OPC UA is used for high-level communication between the various systems. As a key result of this paper, and given the variety of monitoring systems and communication protocols, the developed approach combines various different machine interfaces on a single system, in order to cover a relevant subset of machining equipment currently in use by the molds industry. This kind of all-in-one approach will give production managers access to the information needed for a continuous monitoring and improvement of the entire production process.},
  keywords = {Computer Numeric Control,Industry 4.0,Machine Monitoring,notion,OPC UA},
  file = {C:\Users\Anwender\Zotero\storage\9IVK8CUB\Martins et al. - 2021 - Developing an OPC UA Server for CNC Machines.pdf}
}

@online{Nautos,
  title = {Nautos},
  url = {https://aproxy.ulb.tu-darmstadt.de:2053/8C4/search/item-detail/DE30076691},
  urldate = {2024-07-10},
  file = {C\:\\Users\\Anwender\\Zotero\\storage\\XQLPFATI\\Nautos.pdf;C\:\\Users\\Anwender\\Zotero\\storage\\YZR8EJ9K\\DE30076691.html}
}

@online{OekologischeUndOekonomische,
  title = {Ökologische und ökonomische Bewertung des Ressourcenaufwands – Reinigungstechnologien in der industriellen Produktion},
  url = {https://www.ressource-deutschland.de/service/publikationen/detailseite/studie-reinigungstechnologien/},
  urldate = {2024-07-09},
  abstract = {Die Sauberkeitsanforderungen sowie die damit einhergehenden Restschmutzvorgaben sind im Bereich der industriellen Teilefertigung in den letzten Jahren stark gestiegen. Dies zwingt Unternehmen, den Reinigungsprozess nicht mehr als gering priorisierten Bestandteil der Fertigungskette zu sehen.},
  langid = {ngerman},
  file = {C\:\\Users\\Anwender\\Zotero\\storage\\EFM8GF6V\\Ökologische und ökonomische Bewertung des Ressourc.pdf;C\:\\Users\\Anwender\\Zotero\\storage\\JZMYES4R\\studie-reinigungstechnologien.html}
}

@online{OPCFoundation2022,
  title = {{{OPC Foundation}} (2022): {{OPC Unified Architecture}}: {{Interoperability}} for {{Industrie}} 4.0 and the {{Internet}} of {{Things}}, {{V13}} - {{Google Suche}}},
  url = {https://www.google.com/search?q=OPC+Foundation+(2022)%3A+OPC+Unified+Architecture%3A+Interoperability+for+Industrie+4.0+and+the+Internet+of+Things%2C+V13&rlz=1C1UEAD_deDE1107DE1107&oq=OPC+Foundation+(2022)%3A+OPC+Unified+Architecture%3A+Interoperability+for+Industrie+4.0+and+the+Internet+of+Things%2C+V13&gs_lcrp=EgZjaHJvbWUqBggAEEUYOzIGCAAQRRg7MgYIARBFGEAyBggCEEUYPNIBCDE4ODZqMGo3qAIAsAIA&sourceid=chrome&ie=UTF-8},
  urldate = {2024-07-12},
  file = {C\:\\Users\\Anwender\\Zotero\\storage\\4JTM8PTC\\OPC Foundation (2022) OPC Unified Architecture I.pdf;C\:\\Users\\Anwender\\Zotero\\storage\\IQWMEPC9\\search.html}
}

@report{OPCUnifiedArchitecture2011,
	title = {OPC Unified Architecture – Teil 1: Übersicht Und Konzepte (IEC/TR 62541-1:2010); Deutsche Fassung CLC/TR 62541-1:2010},
	year = {2011},
	location = {Germany},
	abstract = {This document provides an overview and concepts of OPC Unified Architecture Part 1, harmonized as CLC/TR 62541-1:2010.},
	institution = {IEC},
	file = {C:\Users\Anwender\Zotero\storage\D5F7ILIN\DIN CLCTR 62541-1-2010.pdf}
}

@standard{OPCUnifiedArchitecture2021a,
  title = {{{OPC Unified Architecture}} – {{Teil}} 4: {{Services}} ({{IEC}} 62541-4:2020); {{Deutsche Fassung EN IEC}} 62541-4:2020},
  date = {2021-08},
  location = {Germany},
  abstract = {This document specifies the OPC Unified Architecture Part 4 for services, harmonized as EN IEC 62541-4:2020.},
  file = {C:\Users\Anwender\Zotero\storage\9C4CZ65S\DIN EN IEC62541_4.pdf}
}

@article{palenskyDemandSideManagement2011,
  title = {Demand {{Side Management}}: {{Demand Response}}, {{Intelligent Energy Systems}}, and {{Smart Loads}}},
  shorttitle = {Demand {{Side Management}}},
  author = {Palensky, Peter and Dietrich, Dietmar},
  date = {2011-08},
  journaltitle = {IEEE Transactions on Industrial Informatics},
  volume = {7},
  number = {3},
  pages = {381--388},
  issn = {1941-0050},
  doi = {10.1109/TII.2011.2158841},
  url = {https://ieeexplore.ieee.org/abstract/document/5930335?casa_token=6PdQoSeEwWsAAAAA:6YhuB37PfcRGUufucoD-uJmnJLNU4iAUwztN82JDEeZ9YJN3KXVVo4kbqrESNQsHjOtpixlU},
  urldate = {2024-07-01},
  abstract = {Energy management means to optimize one of the most complex and important technical creations that we know: the energy system. While there is plenty of experience in optimizing energy generation and distribution, it is the demand side that receives increasing attention by research and industry. Demand Side Management (DSM) is a portfolio of measures to improve the energy system at the side of consumption. It ranges from improving energy efficiency by using better materials, over smart energy tariffs with incentives for certain consumption patterns, up to sophisticated real-time control of distributed energy resources. This paper gives an overview and a taxonomy for DSM, analyzes the various types of DSM, and gives an outlook on the latest demonstration projects in this domain.},
  eventtitle = {{{IEEE Transactions}} on {{Industrial Informatics}}},
  keywords = {Automation,Building automation,demand response,demand side management (DSM),energy efficiency,energy management,IEC 61850,IEC standards,load management,Load management,Load modeling,notion,peak shaving,Power generation,Pricing,smart grids,Spinning},
  file = {C\:\\Users\\Anwender\\Zotero\\storage\\F68U39V9\\Palensky und Dietrich - 2011 - Demand Side Management Demand Response, Intellige.pdf;C\:\\Users\\Anwender\\Zotero\\storage\\4DEVRHRQ\\5930335.html}
}

@inproceedings{profanterOPCUAROS2019,
  title = {{{OPC UA}} versus {{ROS}}, {{DDS}}, and {{MQTT}}: {{Performance Evaluation}} of {{Industry}} 4.0 {{Protocols}}},
  shorttitle = {{{OPC UA}} versus {{ROS}}, {{DDS}}, and {{MQTT}}},
  booktitle = {2019 {{IEEE International Conference}} on {{Industrial Technology}} ({{ICIT}})},
  author = {Profanter, Stefan and Tekat, Ayhun and Dorofeev, Kirill and Rickert, Markus and Knoll, Alois},
  date = {2019-02},
  pages = {955--962},
  issn = {2643-2978},
  doi = {10.1109/ICIT.2019.8755050},
  url = {https://ieeexplore.ieee.org/abstract/document/8755050?casa_token=wpCNMQd4HboAAAAA:feGzzuVmY3skpYTB9D2HXMiTO0fpW3SFhTdIWOnu7aTiyPc65RypwIdCBNvM6ctTgy7b1A1D},
  urldate = {2024-07-10},
  abstract = {Ethernet-based protocols are getting more and more important for Industry 4.0 and the Internet of Things. In this paper, we compare the features, package overhead, and performance of some of the most important protocols in this area. First, we present a general feature comparison of OPC UA, ROS, DDS, and MQTT, followed by a more detailed wire protocol evaluation, which gives an overview over the protocol overhead for establishing a connection and sending data. In the performance tests we evaluate open-source implementations of these protocols by measuring the round trip time of messages in different system states: idle, high CPU load, and high network load. The performance analysis concludes with a test measuring the round trip time for 500 nodes on the same host.},
  eventtitle = {2019 {{IEEE International Conference}} on {{Industrial Technology}} ({{ICIT}})},
  keywords = {Industries,Licenses,Middleware,notion,Performance evaluation,Protocols,Quality of service},
  file = {C\:\\Users\\Anwender\\Zotero\\storage\\YUYZ96PX\\Profanter et al. - 2019 - OPC UA versus ROS, DDS, and MQTT Performance Eval.pdf;C\:\\Users\\Anwender\\Zotero\\storage\\PNQ43UXW\\8755050.html}
}

@online{PROFIenergy,
  title = {{{PROFIenergy}}},
  url = {https://opcfoundation.org/developer-tools/documents/view/292},
  urldate = {2024-07-11},
  langid = {american},
  organization = {OPC Foundation},
  file = {C\:\\Users\\Anwender\\Zotero\\storage\\JJUF3ATX\\PROFIenergy.pdf;C\:\\Users\\Anwender\\Zotero\\storage\\LCD4DH5B\\292.html}
}

@online{Projektziel,
  title = {Projektziel},
  url = {https://synergie-projekt.de/ueber-synergie/projektziel},
  urldate = {2024-05-06},
  abstract = {Als Teil der Kopernikus-Projekte hat SynErgie zum Ziel, bis 2026 alle technischen und marktseitigen Voraussetzungen in Einklang mit rechtlichen und sozialen Aspekten zu schaffen, um…},
  langid = {ngerman},
  organization = {SynErgie},
  keywords = {notion},
  file = {C:\Users\Anwender\Zotero\storage\A6JKQMAR\projektziel.html}
}

@article{qdrBenefitsDemandResponse2006,
  title = {Benefits of Demand Response in Electricity Markets and Recommendations for Achieving Them},
  author = {family=Qdr, given=QJUDE, given-i=QJUDE},
  date = {2006},
  journaltitle = {US Dept. Energy, Washington, DC, USA, Tech. Rep},
  volume = {2006},
  pages = {95},
  publisher = {Citeseer},
  url = {https://citeseerx.ist.psu.edu/document?repid=rep1&type=pdf&doi=a6a4ea518799c16a26f76597182df1cd0555c78e},
  urldate = {2024-06-22},
  keywords = {notion},
  file = {C:\Users\Anwender\Zotero\storage\DYC8KQD4\Qdr - 2006 - Benefits of demand response in electricity markets.pdf}
}

@article{riedelGermanElectricityReserve2007,
  title = {German Electricity Reserve Markets},
  author = {Riedel, Stefan and Weigt, Hannes},
  date = {2007},
  publisher = {Electricity markets working paper No. EM-20},
  url = {https://papers.ssrn.com/sol3/papers.cfm?abstract_id=1137282},
  urldate = {2024-06-27},
  keywords = {notion},
  file = {C:\Users\Anwender\Zotero\storage\FYXPRZ9W\Riedel und Weigt - 2007 - German electricity reserve markets.pdf}
}

@article{rindSmartEnergyMeters2023,
  title = {Smart {{Energy Meters}} for {{Smart Grids}}, an {{Internet}} of {{Things Perspective}}},
  author = {Rind, Yousaf Murtaza and Raza, Muhammad Haseeb and Zubair, Muhammad and Mehmood, Muhammad Qasim and Massoud, Yehia},
  date = {2023-01},
  journaltitle = {Energies},
  volume = {16},
  number = {4},
  pages = {1974},
  publisher = {Multidisciplinary Digital Publishing Institute},
  issn = {1996-1073},
  doi = {10.3390/en16041974},
  url = {https://www.mdpi.com/1996-1073/16/4/1974},
  urldate = {2024-07-06},
  abstract = {Smart energy has evolved over the years to include multiple domains integrated across multiple technology themes, such as electricity, smart grid, and logistics, linked through communication technology and processed in the cloud in a holistic way to deliver on global challenges. Advances in sensing, communication, and computation technologies have been made that enable better smart system implementations. In smart energy systems, sensing technologies have spanned multiple domains with newer techniques that are more accurate, have greater dynamic ranges, and are more reliable. Similarly, communication techniques have now evolved into very high-speed, flexible, and dynamic systems. Computation techniques have seen a quantum leap with greater integration, powerful computing engines, and versatile software stacks that are easily available and modifiable. Finally, the system integration has also seen advances in the form of management, automation, and analytics paradigms. Consequently, smart energy systems have witnessed a revolutionary transformation. The complexity has correspondingly grown exponentially. With regard to smart meters, the measurement component has to scale up to meet the demands of the evolved energy eco-system by relying on the advancements offered. The internet of things (IoT) is a key technology enabler in this scenario, and the smart meter is a key component. In recent years, metering technology has evolved in both complexity and functionality. Therefore, it must use the advances offered by IoT to deliver a new role. The internet of things (IoT) is a key technology enabler in this scenario and the smart meter a key component. In recent years, metering technology has evolved in both complexity and functionality. To deliver on its new role, it must use the advances offered by IoT. In this review, we analyze the smart meter as a combination of sensing, computing, and communication nodes for flexible and complex design paradigms. The components are, in turn, reviewed vis-à-vis the advances offered by IoT. The resultant gaps are reported for future design challenges in the conclusion. The identified gaps are the lack of usage of the full spectrum of the available technology and the lack of an inter-disciplinary approach to smart meter design.},
  issue = {4},
  langid = {english},
  keywords = {5G,IoT,metrology,sensing,smart energy,smart meters},
  file = {C:\Users\Anwender\Zotero\storage\V39Z7EXB\Rind et al. - 2023 - Smart Energy Meters for Smart Grids, an Internet o.pdf}
}

@online{RoboticsVerticalIntegration,
  title = {Robotics - {{Vertical Integration}}},
  url = {https://opcfoundation.org/developer-tools/documents/view/218},
  urldate = {2024-07-11},
  langid = {american},
  organization = {OPC Foundation},
  file = {C\:\\Users\\Anwender\\Zotero\\storage\\QXHBXZ7K\\Robotics - Vertical Integration.pdf;C\:\\Users\\Anwender\\Zotero\\storage\\N6FWUQT9\\218.html}
}

@incollection{schermeyerUnderstandingDistributionGrid2017,
  title = {Understanding {{Distribution Grid Congestion Caused}} by {{Electricity Generation}} from {{Renewables}}},
  booktitle = {Smart {{Energy Research}}. {{At}} the {{Crossroads}} of {{Engineering}}, {{Economics}}, and {{Computer Science}}},
  author = {Schermeyer, Hans and Studer, Michael and Ruppert, Manuel and Fichtner, Wolf},
  editor = {Derksen, Christian and Weber, Christoph},
  date = {2017},
  volume = {495},
  pages = {78--89},
  publisher = {Springer International Publishing},
  location = {Cham},
  doi = {10.1007/978-3-319-66553-5_6},
  url = {https://link.springer.com/10.1007/978-3-319-66553-5_6},
  urldate = {2024-06-27},
  isbn = {978-3-319-66552-8 978-3-319-66553-5},
  langid = {english},
  file = {C:\Users\Anwender\Zotero\storage\NP8K267E\Schermeyer et al. - 2017 - Understanding Distribution Grid Congestion Caused .pdf}
}

@inproceedings{shilengeOptimizationOperationalInformation2022a,
  title = {Optimization of {{Operational}} and {{Information Technology Integration Towards Industry}} 4.0},
  booktitle = {2022 {{IEEE}} 31st {{International Symposium}} on {{Industrial Electronics}} ({{ISIE}})},
  author = {Shilenge, Musa C. and Telukdarie, Arnesh},
  date = {2022},
  pages = {1076--1081},
  publisher = {IEEE},
  url = {https://ieeexplore.ieee.org/abstract/document/9831605/?casa_token=lRQACLDCgYsAAAAA:g2G6f0d564ajNer8L0lv5H4Idfsen9KgOYaDUwDNx-fG3WDaTINwfWe1wQdVOsdenjSqLCL9},
  urldate = {2024-07-12},
  file = {C:\Users\Anwender\Zotero\storage\Q8IAASUW\Shilenge und Telukdarie - 2022 - Optimization of Operational and Information Techno.pdf}
}

@article{stanelyteOverviewDemandResponseServices2022,
  title = {Overview of {{Demand-Response Services}}: {{A Review}}},
  shorttitle = {Overview of {{Demand-Response Services}}},
  author = {Stanelyte, Daiva and Radziukyniene, Neringa and Radziukynas, Virginijus},
  date = {2022-01},
  journaltitle = {Energies},
  volume = {15},
  number = {5},
  pages = {1659},
  publisher = {Multidisciplinary Digital Publishing Institute},
  issn = {1996-1073},
  doi = {10.3390/en15051659},
  url = {https://www.mdpi.com/1996-1073/15/5/1659},
  urldate = {2024-07-06},
  abstract = {It is essential for the electricity sector to analyze and determine the distribution capacity throughput and apply new methods aimed at increasing the capacity of the transmission system. Consequently, the transition to modern electricity networks is two-sided, i.e., involving technological and social modifications. The demand response (DR) redistributes consumption away from peak times when grid load and costs are the highest. It incentivizes customers to use electricity when supply is high and inexpensive due to various market mechanisms. The present DR policy proposals stress the importance of fostering behavioral change through competitive pricing and customer participation in reducing carbon emissions and implementing smart energy solutions (including monitoring tools, such as smart meters and applications). The internet of things (IoT) has been applied to ensure adaptive monitoring of energy consumption and cost-effective and adequate demand-side management (DSM). The article is based on the research of the most recent sources of DR implementation methods applied at the power distribution level. It explains the main concepts, classifications, and entities implementing DSM programs, and suggests new visions and prospects for DSM and DR. Moreover, it discusses the application of blockchain technology potential for the internet of energy.},
  issue = {5},
  langid = {english},
  keywords = {blockchain technology,demand response,demand-side management,internet of energy,internet of things},
  file = {C:\Users\Anwender\Zotero\storage\V59QE2K3\Stanelyte et al. - 2022 - Overview of Demand-Response Services A Review.pdf}
}

@article{stawskaDemandResponseCongestion2021,
  title = {Demand Response: {{For}} Congestion Management or for Grid Balancing?},
  shorttitle = {Demand Response},
  author = {Stawska, Anna and Romero, Natalia and family=Weerdt, given=Mathijs, prefix=de, useprefix=true and Verzijlbergh, Remco},
  date = {2021-01-01},
  journaltitle = {Energy Policy},
  volume = {148},
  pages = {111920},
  issn = {0301-4215},
  doi = {10.1016/j.enpol.2020.111920},
  url = {https://www.sciencedirect.com/science/article/pii/S0301421520306315},
  urldate = {2024-06-27},
  abstract = {The growing capacity of intermittent energy sources causes more frequent system imbalances as well as congestion. Demand flexibility is a valuable resource that can be used to resolve these. Unfortunately, flexibility can also contribute to congestion, particularly when used to balance the grid. Using flexibility to solve grid problems without creating new ones requires well-designed financial incentives. Congestion management mechanisms (CMMs) are a primary example of such incentives. The question is which of these is most effective in preventing congestion with minimal impact on trading on the imbalance market. This question is answered by comparing traditional CMMs such as grid tariffs to a local flexibility market on their impact on the load in the grid and the lost value of flexibility on the imbalance market. This analysis shows that energy tariffs are not suited for preventing congestion. Capacity tariffs are able to prevent congestion but they impose limitations on the consumer which significantly reduce the value of flexibility on the imbalance market. The flexibility market, an example of a local market, is effective if aggregators do not have a position day ahead or if the distribution system operator limits the buying of flexibility a day before delivery.},
  keywords = {Congestion,Demand response,Energy flexibility,Flexibility market,Grid tariffs,Imbalance market,notion},
  file = {C\:\\Users\\Anwender\\Zotero\\storage\\DD9SZVDF\\1-s2.0-S0301421520306315-main.pdf;C\:\\Users\\Anwender\\Zotero\\storage\\RHZ87QJA\\Stawska et al. - 2021 - Demand response For congestion management or for .pdf;C\:\\Users\\Anwender\\Zotero\\storage\\ACI23CYX\\S0301421520306315.html}
}

@thesis{strobelEinsatzInhaerenterEnergiespeicher2021,
  type = {phdthesis},
  title = {Einsatz inhärenter Energiespeicher in Produktionssystemen zum elektrischen Lastmanagement},
  author = {Strobel, Nina},
  date = {2021},
  institution = {Technische Universität Darmstadt},
  location = {Darmstadt},
  doi = {10.26083/tuprints-00017581},
  url = {https://tuprints.ulb.tu-darmstadt.de/17581/},
  urldate = {2024-06-30},
  abstract = {Vor dem Hintergrund des Ausbaus erneuerbarer Energien und der damit verbundenen notwendigen Umstrukturierung des Stromsystems steigt aktuell der Bedarf an nachfrageseitiger Flexibilität. Der industrielle Sektor steht hier im Fokus, da er für einen Großteil des Strombedarfs verantwortlich ist. In den letzten Jahren wurden deshalb verschiedene Flexibilitätsmaßnahmen identifiziert, die auf verschiedenen Ebenen von Produktionssystemen umgesetzt werden können. Im Rahmen dieser Arbeit wird der Fokus auf die Nutzung inhärenter Energiespeicher (IES) und insbesondere auf die Teilmenge der hysteresegeregelten Anlagen gelegt. Zunächst wird eine Methode zur Identifizierung und Bewertung des Flexibilitätspotenzials dieser Anlagen entwickelt, die auf verschiedene Nutzenergieformen in Produktionssystemen übertragbar ist. Eine wesentliche Herausforderung ist hierbei zu gewährleisten, dass das abrufbare Flexibilitätspotenzial der jeweiligen Anlage mit den üblichen Kennzahlen für Flexibilitätsprodukte beschreibbar ist. Neben der Methode zur Potenzialerfassung werden verschiedene Strategien zur Befähigung von einzelnen Anlagen und Anlagenpools untersucht und eine generische Funktionsbibliothek abgeleitet. Diese Funktionsbibliothek kann zur Simulation des Verhaltens von Anlagenpools sowie zur Befähigung realer Anlagen zu einem energieflexiblen Betrieb genutzt werden. Die entwickelten Lösungen dieser Arbeit sind auf eine Vielzahl an Anlagen übertragbar und können dazu dienen, den Kosten-, Energie- und Ressourcenaufwand für die Errichtung elektrischer Energiespeicher im Stromsystem zu reduzieren.},
  langid = {ngerman},
  keywords = {notion},
  file = {C\:\\Users\\Anwender\\Zotero\\storage\\Z534Y78J\\Strobel - 2021 - Einsatz inhärenter Energiespeicher in Produktionss.pdf;C\:\\Users\\Anwender\\Zotero\\storage\\XX4NAUHU\\17581.html}
}

@article{technischeuniversitaetdarmstadtLeistungsoptimierteTrocknungUnd2021,
  title = {Leistungsoptimierte Trocknung und Sauberkeit},
  author = {{Technische Universität Darmstadt} and Elserafi, Ghada and Von Hayn, Adrian and Weigold, Matthias},
  date = {2021-08-02},
  journaltitle = {I40M},
  volume = {2021},
  number = {4},
  pages = {8--11},
  issn = {23649208},
  doi = {10.30844/I40M_21-4_S8-11},
  url = {https://library.gito.de/2021/08/19/industrie-4-0-management-79/},
  urldate = {2024-05-07},
  abstract = {Die Bedeutung der Bauteiltrocknung wächst mit steigenden Qualitätsanforderungen im metallverarbeitenden Gewerbe. Damit wächst das Erfordernis, den Energiebedarf von Trocknungsprozessen zu reduzieren. Im Forschungsprojekt LoTuS wird mit verschiedenen Ansätzen die Gestaltung einer Durchlaufreinigungsanlage mit energieeffizientem Trocknungsprozess angestrebt. Neben dem Einsatz alternativer Trocknungstechnologien soll eine Prozessdigitalisierung für einen bauteilspezifischen Prozess Transparenz bieten. Hier kommen, neben umfassender Sensorik, auch Methoden der künstlichen Intelligenz zum Einsatz, um eine praxistaugliche Prozessüberwachung zu entwickeln. Mithilfe eines intelligenten Lastmanagements sollen Lastspitzen der gesamten Anlage weiter gesenkt werden.},
  langid = {ngerman},
  keywords = {notion},
  file = {C:\Users\Anwender\Zotero\storage\YPJSSBX8\Technische Universität Darmstadt et al. - 2021 - Leistungsoptimierte Trocknung und Sauberkeit.pdf}
}

@article{thomassenHowAssessPotential2019,
  title = {How to Assess the Potential of Emerging Green Technologies? {{Towards}} a Prospective Environmental and Techno-Economic Assessment Framework},
  shorttitle = {How to Assess the Potential of Emerging Green Technologies?},
  author = {Thomassen, Gwenny and Van Dael, Miet and Van Passel, Steven and You, Fengqi},
  date = {2019},
  journaltitle = {Green Chem.},
  volume = {21},
  number = {18},
  pages = {4868--4886},
  issn = {1463-9262, 1463-9270},
  doi = {10.1039/C9GC02223F},
  url = {https://xlink.rsc.org/?DOI=C9GC02223F},
  urldate = {2024-05-27},
  abstract = {The prospective environmental techno-economic assessment framework is proposed, gathering best practices to assess the potential of emerging green chemical technologies.           ,              For sustainable production and consumption, emerging green technologies need to be optimized towards a minimal environmental impact and a maximal economic impact. In an early stage of technology development, more flexibility is available to adapt the technology. Therefore, a prospective environmental and techno-economic assessment is required. The prospective assessment differs at the different stages of technology development, as also the data availability and accuracy evolves. This paper reviews the different prospective technological, economic and environmental assessment methods which have been used to assess the potential of new green chemical technologies. Based on the current best practices, an overarching framework is introduced to assess the technological, economic and environmental potential of an emerging green chemical technology at the different stages of technology development.},
  langid = {english},
  file = {C:\Users\Anwender\Zotero\storage\AX3Z3U4B\Thomassen et al. - 2019 - How to assess the potential of emerging green tech.pdf}
}

@online{TUfindSuchergebnisseDurkee,
  title = {{{TUfind}}: {{Suchergebnisse}} - {{Durkee}}},
  url = {https://hds.hebis.de/ulbda/Search/Results?lookfor=Durkee&trackSearchEvent=Einfache+Suche&type=allfields&search=new&submit=Suchen},
  urldate = {2024-07-09}
}

@online{TUfindTitelManagement,
  title = {{{TUfind}}: {{Titel}}: {{Management}} of Industrial Cleaning Technology...},
  url = {https://hds.hebis.de/ulbda/Record/HEB194944433},
  urldate = {2024-07-09},
  file = {C:\Users\Anwender\Zotero\storage\6BI3IILW\HEB194944433.html}
}

@online{UAFXPart80,
  title = {{{UAFX Part}} 80: {{Overview}} and {{Concepts}}},
  shorttitle = {{{UAFX Part}} 80},
  url = {https://opcfoundation.org/developer-tools/documents/view/192},
  urldate = {2024-07-11},
  langid = {american},
  organization = {OPC Foundation},
  file = {C\:\\Users\\Anwender\\Zotero\\storage\\JGG9PG65\\UAFX Part 80 Overview and Concepts.pdf;C\:\\Users\\Anwender\\Zotero\\storage\\2A6X88GR\\192.html}
}

@online{UseCasesOPCUA,
  title = {Use-{{Cases}} for {{OPC UA Methods}}, {{Pub}}/{{Sub}}, \& {{Companion Specs}} – {{OPC Connect}}},
  url = {https://opcconnect.opcfoundation.org/2022/12/use-cases-for-opc-ua-methods-pub-sub-companion-specs/},
  urldate = {2024-06-26},
  keywords = {notion},
  file = {C:\Users\Anwender\Zotero\storage\436SFWCI\use-cases-for-opc-ua-methods-pub-sub-companion-specs.html}
}

@article{vardakasSurveyDemandResponse2014,
  title = {A Survey on Demand Response Programs in Smart Grids: {{Pricing}} Methods and Optimization Algorithms},
  shorttitle = {A Survey on Demand Response Programs in Smart Grids},
  author = {Vardakas, John S. and Zorba, Nizar and Verikoukis, Christos V.},
  date = {2014},
  journaltitle = {IEEE Communications Surveys \& Tutorials},
  volume = {17},
  number = {1},
  pages = {152--178},
  publisher = {IEEE},
  url = {https://ieeexplore.ieee.org/abstract/document/6861959/?casa_token=WSZx5MgoF_gAAAAA:1yoN2kQpqkXf3CziZQKw40Ah-5bF2bHZRJPs6ysZL_T2Xv_Gpdiq3ORzng8-mBol_CBmjjTD},
  urldate = {2024-06-27},
  keywords = {notion},
  file = {C:\Users\Anwender\Zotero\storage\E3R7EUYP\Vardakas et al. - 2014 - A survey on demand response programs in smart grid.pdf}
}

@report{VDI5207Blatt2020,
	title = {VDI 5207 Blatt 1: Energieflexible Fabrik - Grundlagen},
	author = {Verein Deutscher Ingenieure e.V.},
	year = {2020},
	institution = {Verein Deutscher Ingenieure e.V.},
	location = {Düsseldorf},
	url = {https://www.vdi.de/5207},
	urldate = {2024-06-16},
	abstract = {Die Richtlinie beschreibt die Grundlagen und Maßnahmen zur Energieflexibilität in Fabriken, einschließlich der wirtschaftlichen Nutzung und Optimierung der Energiekosten durch flexible Nutzung von Energie.}
}

@article{waltherMethodologyClassificationCharacterisation2022,
  title = {A {{Methodology}} for the {{Classification}} and {{Characterisation}} of {{Industrial Demand-Side Integration Measures}}},
  author = {Walther, Jessica and Dietrich, Bastian and Grosch, Benedikt and Lindner, Martin and Fuhrländer-Völker, Daniel and Strobel, Nina and Weigold, Matthias},
  date = {2022-01},
  journaltitle = {Energies},
  volume = {15},
  number = {3},
  pages = {923},
  publisher = {Multidisciplinary Digital Publishing Institute},
  issn = {1996-1073},
  doi = {10.3390/en15030923},
  url = {https://www.mdpi.com/1996-1073/15/3/923},
  urldate = {2024-05-27},
  abstract = {In the context of the ongoing climate change and increasingly strict climate goals of the European Green Deal, industry faces a growing challenge to decrease its high demand for electrical energy and its greenhouse gas emissions. Demand-Side Integration measures have a great potential to reduce the greenhouse gas emissions of the industrial sector. However, there is still no definition and consistent characterising terms for Industrial Demand-Side Integration. The lack of clarity in concepts and definitions may impose hurdles in the transfer of results and methodologies from research activities and thus, in the implementation of measures in the industry. Furthermore, the economic value of implementing these measures is often unclear but of high relevance to industrial consumers. This paper proposes a comprehensive Industrial Demand-Side Integration definition and a methodology to classify and characterise its measures. The methodology is aimed at helping industrial consumers decide which measures can be implemented in their specific setting and how these measures can be monetised. The methodology is validated by applying it to eight relevant use cases in the ETA Research Factory.},
  issue = {3},
  langid = {english},
  keywords = {classification,demand response,energy flexibility,industrial demand-side integration,notion},
  file = {C:\Users\Anwender\Zotero\storage\32XMCG4X\Walther et al. - 2022 - A Methodology for the Classification and Character.pdf}
}

@article{waltherSystematicReviewPredicting2021,
  title = {A {{Systematic Review}} on {{Predicting}} and {{Forecasting}} the {{Electrical Energy Consumption}} in the {{Manufacturing Industry}}},
  author = {Walther, Jessica and Weigold, Matthias},
  date = {2021-08-13},
  journaltitle = {Energies},
  number = {4},
  publisher = {MDPI},
  location = {Darmstadt},
  doi = {10.26083/tuprints-00019293},
  url = {https://tuprints.ulb.tu-darmstadt.de/19293/},
  urldate = {2024-05-27},
  abstract = {In the context of the European Green Deal, the manufacturing industry faces environmental challenges due to its high demand for electrical energy. Thus, measures for improving the energy efficiency or flexibility are applied to address this problem in the manufacturing industry. In order to quantify energy efficiency or flexibility potentials, it is often necessary to predict or forecast the energy consumption. This paper presents a systematic review of state-of-the-art of existing approaches to predict or forecast the energy consumption in the manufacturing industry. Seventy-two articles are classified according to the defined categories System Boundary, Modelling Technique, Modelling Focus, Modelling Horizon, Modelling Perspective, Modelling Purpose and Model Output. Based on the reviewed articles future research activities are derived.},
  issue = {4},
  langid = {english},
  keywords = {notion},
  file = {C\:\\Users\\Anwender\\Zotero\\storage\\42U59QR7\\Walther und Weigold - 2021 - A Systematic Review on Predicting and Forecasting .pdf;C\:\\Users\\Anwender\\Zotero\\storage\\FC79K6JR\\19293.html}
}

@inproceedings{wangDesignIntegratedEnergy2022,
  title = {Design of {{Integrated Energy System Based}} on {{IEC}} 61499 and {{OPC UA}}},
  booktitle = {2022 41st {{Chinese Control Conference}} ({{CCC}})},
  author = {Wang, Yue and Guo, Ningxuan and Yan, Gangfeng and Liu, Jianing},
  date = {2022-07},
  pages = {4270--4275},
  issn = {1934-1768},
  doi = {10.23919/CCC55666.2022.9901635},
  url = {https://ieeexplore.ieee.org/abstract/document/9901635?casa_token=u613gQV-eh8AAAAA:y8NBHxn3qyQKYxBLsg4rQj4YkhO3Vvd9hIqowztvvuZ6B7Xxd-yHqcS5WWCLA1pGKwEE5XTh},
  urldate = {2024-07-11},
  abstract = {Integrated Energy System (IES) is a key component of energy internet, which has made great progress in multi-energy supplementation, energy conservation and emission reduction. IEC 61499 standard and OPC UA communication are powerful cyber-physical system technologies for dynamic reconfiguration, interoperability, and integrability. In this paper, we propose a modular design and development approach for IES, based on the reconfiguration-supporting distributed architecture of IEC 61499. For data integration and transmission, we use OPC UA on the communication level to support multiple devices and communication protocols. The program design is implemented on an IEC 61499 compliant software platform. We build a photovoltaic simulation system with real-time electric meter data acquisition through an OPC UA gateway device. Experimental and simulation results show that the proposed approach is effective in realizing a unified, robust and efficient integrated energy control system.},
  eventtitle = {2022 41st {{Chinese Control Conference}} ({{CCC}})},
  keywords = {Automation,Communications technology,Computer architecture,Hardware,IEC 61499,IEC Standards,Integrated Energy System,OPC UA,Simulation,Software tools},
  file = {C\:\\Users\\Anwender\\Zotero\\storage\\S8EDAZS9\\Wang et al. - 2022 - Design of Integrated Energy System Based on IEC 61.pdf;C\:\\Users\\Anwender\\Zotero\\storage\\33C9TZQA\\9901635.html}
}

@book{wawerElektrizitaetswirtschaftPraxisorientierteEinfuehrung2022,
  title = {Elektrizitätswirtschaft: Eine praxisorientierte Einführung in Strommärkte und Stromhandel},
  shorttitle = {Elektrizitätswirtschaft},
  author = {Wawer, Tim},
  date = {2022},
  publisher = {Springer Fachmedien},
  location = {Wiesbaden},
  doi = {10.1007/978-3-658-38418-0},
  url = {https://link.springer.com/10.1007/978-3-658-38418-0},
  urldate = {2024-07-07},
  isbn = {978-3-658-38417-3 978-3-658-38418-0},
  langid = {ngerman},
  keywords = {Day-Ahead- und Intraday-Märkte,Elektrizitätswirtschaft,Endkunden,Engpassmanagement,Erneuerbare Energien,Lastmanagement,Preisbildung für Regel- und Ausgleichsenergie,Prosumer P2P-Handel und Microgrids,Risikomanagement,Speicherung von Elektrizität,Strombeschaffung für Endkunden,Stromhandel,Strommarkt,Stromsystem,Terminmärkte für Elektrizität,Vermarktung von Erzeugungskapazitäten,Vermarktungsoptionen,Versorgungssicherheit in Stromsystemen},
  file = {C:\Users\Anwender\Zotero\storage\26RR8XGV\Wawer - 2022 - Elektrizitätswirtschaft Eine praxisorientierte Ei.pdf}
}

@incollection{wawerStromhandelEnergieversorgungsunternehmen2022a,
  title = {Stromhandel in Energieversorgungsunternehmen},
  booktitle = {Elektrizitätswirtschaft : Eine praxisorientierte Einführung in Strommärkte und Stromhandel},
  author = {Wawer, Tim},
  editor = {Wawer, Tim},
  date = {2022},
  pages = {227--263},
  publisher = {Springer Fachmedien},
  location = {Wiesbaden},
  doi = {10.1007/978-3-658-38418-0_9},
  url = {https://doi.org/10.1007/978-3-658-38418-0_9},
  urldate = {2024-07-07},
  abstract = {Das neunte Kapitel behandelt die Prozesse innerhalb eines Energieversorgungsunternehmens (EVU). Es analysiert das Zusammenspiel von der Marktseite (Portfoliomanagement) und der Kundenseite (Vertrieb) mit der Überwachung durch das Risikomanagement. Es werden kurzfristige und langfristige Beschaffungsstrategien (z.B. Back-to Back-Beschaffung) und Vermarktungsstrategien für Erzeugungsanlagen vorgestellt.},
  isbn = {978-3-658-38418-0},
  langid = {ngerman},
  file = {C:\Users\Anwender\Zotero\storage\J6XQI2ZX\Wawer - 2022 - Stromhandel in Energieversorgungsunternehmen.pdf}
}

@article{wohlgemuthEnergetischeFlexibilisierung,
  title = {Energetische Flexibilisierung},
  author = {Wohlgemuth, Henrik},
  abstract = {Die Energiewende und der damit verbundene Ausbau erneuerbarer Energien sorgen zunehmenden für Schwankungen im Energieangebot. Vor dem Hintergrund der Netzstabilität und möglichen finanziellen Anreizen gilt es Produktionsprozesse an die Veränderungen des Energiemarkts anzupassen. In dieser Arbeit wird die Schaffung von Energieflexibilität einer Durchlaufreinigungsanlage im Rahmen des elektrischen Lastmanagements untersucht. Hierzu wird zunächst das Potenzial zur energetischen Flexibilisierung nach VDI 5207 abgeschätzt. Darauf aufbauend werden Optimierungsmaßnahmen definiert, welche anschließend einer detaillierten techno-ökonomischen Untersuchung unterzogen werden. Die vielversprechendste Maßnahme wird abschließend in die Steuerung der DLRA implementiert und es erfolgt eine Verifizierung und Validierung der Ergebnisse.},
  langid = {ngerman},
  keywords = {notion},
  file = {C:\Users\Anwender\Zotero\storage\XTQMKGWY\Wohlgemuth - Energetische Flexibilisierung.pdf}
}

@online{Wooldridge2015Introductory,
  title = {Wooldridge, {{J}}. {{M}}. (2015). {{Introductory Econometrics}}: {{A Modern Approach}}. {{Cengage Learning}}. - {{Google Suche}}},
  url = {https://www.google.com/search?q=Wooldridge%2C+J.+M.+(2015).+Introductory+Econometrics%3A+A+Modern+Approach.+Cengage+Learning.&rlz=1C1UEAD_deDE1107DE1107&oq=Wooldridge%2C+J.+M.+(2015).+Introductory+Econometrics%3A+A+Modern+Approach.+Cengage+Learning.&gs_lcrp=EgZjaHJvbWUyBggAEEUYOTIGCAEQRRg80gEHMTUxajBqN6gCALACAA&sourceid=chrome&ie=UTF-8},
  urldate = {2024-05-30},
  keywords = {notion},
  file = {C:\Users\Anwender\Zotero\storage\4YKWI4I6\search.html}
}

@article{wullsteinAuswahlUndOptimale2004,
  title = {Auswahl und optimale Auslegung industrieller Bauteilreinigungsanlagen},
  author = {Wullstein, Mathias},
  date = {2004-11-17},
  publisher = {Universität Dortmund},
  doi = {10.17877/DE290R-14936},
  url = {https://eldorado.tu-dortmund.de/handle/2003/2802},
  urldate = {2024-07-08},
  abstract = {In der vorliegenden Arbeit wird ein Weg zur rechnerunterstützen Auswahl und optimalen Auslegung von Bauteilreinigungsanlagen vorgestellt. In der industriellen Bauteilreinigung suchen Anwender oft Lösungen für ihre Reinigungsprobleme, welche immer einen technischen und einen wirtschaftlichen Aspekt besitzen: Die Bauteile sollten so sauber wie nötig und dabei so kostengünstig wie möglich gereinigt werden.Zur Unterstützung der Auswahl geeigneter Reinigungsanlagen wird in der Arbeit eine internetbasierte Lösungsdatenbank entwickelt, in die Anbieter als Experten der Reinigungsbranche selber Reinigungsanlagen eintragen und bewerten können. Die Bewertung erfolgt nach technischen sowie nach wirtschaftlichen Gesichtspunkten. Nach der Auswahl einer Anlage ist es Aufgabe des Anbieters, diese auf die möglichst wirtschaftliche Lösung des individuellen Reinigungsproblems hin optimal auszulegen. Dabei sind zahlreiche, oft gegenläufige Parameter zu berücksichtigen, so dass teuere und aufwändige Vorversuche unvermeidbar sind. Als Abhilfe wird in der vorliegenden Arbeit ein Simulationssystem für Bauteilreinigungsanlagen entwickelt. Dieses ermöglicht die Modellierung von Reinigungsprozessen am Rechner und berechnet das damit erzielbare Reinigungsergebnis sowie die anfallenden Reinigungskosten. Dabei wird zunächst exemplarisch die Tauchreinigung betrachtet. Der flexible und modulare Aufbau des Systems ermöglicht jedoch eine Erweiterung hinsichtlich anderer Reinigungstechnologien sowie die Aufnahme zukünftiger Forschungsergebnisse.Auf Basis des Simulationssystems wird dann ein automatisches Optimierverfahren vorgestellt, welches mit Evolutionären Algorithmen arbeitet. Dieses ermittelt am Simulationsmodell Anlagenparameter, welche zu einer besonders kostengünstigen und gleichzeitig technisch hinreichenden Reinigung der Bauteile führen.},
  langid = {ngerman},
  annotation = {Accepted: 2004-12-06T13:14:59Z},
  file = {C:\Users\Anwender\Zotero\storage\3PHMCFUW\Wullstein - 2004 - Auswahl und optimale Auslegung industrieller Baute.pdf}
}
